<?xml version="1.0" encoding="UTF-8"?><collection xmlns="http://www.loc.gov/MARC21/slim"><record><leader>00628nam--2200217-u-4500</leader><controlfield tag="001">000051335</controlfield><controlfield tag="002">20161230</controlfield><controlfield tag="005">20161230201049</controlfield><controlfield tag="008">080623s1000------------r-----000-0-eng-d</controlfield><datafield ind1=" " ind2=" " tag="020"><subfield code="a">3540431179</subfield></datafield><datafield ind1=" " ind2=" " tag="040"><subfield code="a">IFIN-HH</subfield></datafield><datafield ind1=" " ind2=" " tag="080"><subfield code="a">537.533.35:53.05</subfield></datafield><datafield ind1="1" ind2=" " tag="100"><subfield code="a">Morita, S</subfield></datafield><datafield ind1="1" ind2="0" tag="245"><subfield code="a">Noncontact Atomic Force Microscopy</subfield><subfield code="c">S. Morita; R. Wiesendanger; E. Meyer (Eds.)</subfield></datafield><datafield ind1=" " ind2=" " tag="260"><subfield code="a">Berlin</subfield><subfield code="b">Springer</subfield><subfield code="c">2002</subfield></datafield><datafield ind1=" " ind2=" " tag="490"><subfield code="a">Nanoscience ancd Technology</subfield></datafield><datafield ind1=" " ind2=" " tag="504"><subfield code="a">Includes Bibliographical References and Index</subfield></datafield><datafield ind1=" " ind2="4" tag="650"><subfield code="a">Microscopy</subfield></datafield><datafield ind1="1" ind2=" " tag="700"><subfield code="a">Meyer, E</subfield><subfield code="e">Ed</subfield></datafield><datafield ind1=" " ind2=" " tag="852"><subfield code="a">82094</subfield><subfield code="c">537.533.35</subfield></datafield><datafield ind1=" " ind2=" " tag="CAT"><subfield code="a">Sys</subfield><subfield code="c">20110103</subfield><subfield code="h">152423</subfield></datafield></record></collection>